Journals:

@string{ ACHA            = "Appl. Comput. Harm. Anal."}
@string{ ANNM            = "Ann. of Math."}
@string{ ANNMS           = "Ann. of Math. Statist."}
@string{ ANNP            = "Ann. Probab."}
@string{ BSTJ            = "Bell Syst. Tech. J."}
@string{ CACM            = "Comm. ACM"}
@string{ CCR             = "Comp. Comm. Rev."}
@string{ Computer        = "Computer"}
@string{ IEEE-Proc       = "Proc. IEEE"}
@string{ IRE-Proc        = "Proc. IRE"}
@string{ IEEE-Network    = "IEEE Network"}
@string{ IEEE-JSAC       = "IEEE J. Sel. Areas Comm."}
@string{ IEEE-SP-Let     = "IEEE Sig. Proc. Let."}
@string{ IEEE-SP-Mag     = "IEEE Sig. Proc. Mag."}
@string{ IEEE-Trans-AC   = "IEEE Trans. Automat. Control"}
@string{ IEEE-Trans-ASSP = "IEEE Trans. Acoust. Speech Signal Proc."} 
@string{ IEEE-Trans-CE   = "IEEE Trans. Consum. Electron."}
@string{ IEEE-Trans-CS   = "IEEE Trans. Circuits Syst."}
@string{ IEEE-Trans-CS2  = "IEEE Trans. Circuits Syst.--II: Anal. Dig. Sig. Proc."}
@string{ IEEE-Trans-CSVT = "IEEE Trans. Circuits Syst. Video Technol."}
@string{ IEEE-Trans-Comm = "IEEE Trans. Comm."}
@string{ IEEE-Trans-CommSys = "IEEE Trans. Commun. Syst."}
@string{ IEEE-Trans-Comp = "IEEE Trans. Comp."}
@string{ IEEE-Trans-IM   = "IEEE Trans. Intrum. Meas."}
@string{ IEEE-Trans-IP   = "IEEE Trans. Image Proc."}
@string{ IEEE-Trans-IT   = "IEEE Trans. Inform. Th."}
@string{ IRE-Trans-IT    = "IRE Trans. Inform. Th."}
@string{ IEEE-Trans-Mm   = "IEEE Trans. Multimedia"}
@string{ IEEE-ACM-Network = "IEEE/ACM Trans. Networking"}
@string{ IEEE-ITSoc-News = "IEEE Inform. Th. Soc. Newsletter"}
@string{ IEEE-Trans-PAMI = "IEEE Trans. Pattern Anal. and Mach. Int."}
@string{ IEEE-Trans-SAP  = "IEEE Trans. Speech Audio Proc."}
@string{ IEEE-Trans-SP   = "IEEE Trans. Signal Proc."}
@string{ IEEE-Trans-SMC  = "IEEE Trans. on Syst. Man and Cybernetics"}
@string{ IEEE-Trans-SMC3 = "IEEE Trans. on Syst. Man and
                            Cybernetics--Pt.\ C: Appl. \& Rev."}
@string{ JASA            = "J. Amer. Stat. Assoc."}
@string{ JFAA            = "J. Fourier Anal. Appl."}
@string{ PAMS            = "Proc. Amer. Math. Soc."}
@string{ PPI             = "Probl. Peredach. Inform."}
@string{ SP              = "Signal Proc."}
@string{ TAMS            = "Trans. Amer. Math. Soc."}
@string{ TPA             = "Theory Probab. Appl."}

Conferences:

@string{ asilomar   = "Conf. Rec. Asilomar Conf. on Sig., Sys. \& Computers"}
@string{ asilomar-loc = "Pacific Grove, CA"}
@string{ acc        = "Proc. IEEE Amer. Contr. Conf."}
@string{ cdc        = "Proc. IEEE Conf. Dec. \& Contr."}
@string{ ciss            = "Proc. Conf. on Inform. Sci. \& Sys."}
@string{ dcc             = "Proc. IEEE Data Compression Conf."}
@string{ dcc-eds         = ""}
@string{ dcc-pub         = ""}
@string{ dcc-loc         = "Snowbird, Utah"}
@string{ icaos96         = "Proc. 12th Int. Conf. Anal. \& Opt. of Sys.: Images, Wavelets \& PDE's"}
@string{ icassp     = "Proc. IEEE Int. Conf. Acoust., Speech, and Signal Proc."}
@string{ icc        = "Proc. IEEE Int. Conf. Comm."}
@string{ icip       = "Proc. IEEE Int. Conf. Image Proc."}
@string{ isit       = "Proc. IEEE Int. Symp. Inform. Th."}
@string{ ist-spie        = "Proc. IS~\&~T/SPIE"}
@string{ nossdav98       = "Proc. 8th Int. Workshop Netw. Operating Syst. Supp.
                            for Dig. Aud. Vid. (NOSSDAV)"}
@string{ nossdav99       = "Proc. 9th Int. Workshop Netw. Operating Syst. Supp.
                            for Dig. Aud. Vid. (NOSSDAV)"}
@string{ vcip            = "Proc. SPIE Conf. on Vis. Commun. and Image Proc."}
@string{ wavx            = "Proc. Wavelets: Appl. in Sig. \& Image Proc. X,
                            part of SPIE Int. Symp. on Optical Sci. \& Tech."}

         { dcc-eds         = "J. A. Storer and M. Cohn"}
         { dcc-pub         = "IEEE Comp. Soc. Press"}

Other:

@STRING{ kluwer          = "Kluwer Acad. Pub."}
@STRING{ icsi            = "Int. Comp. Sci. Instit."}

@preamble{ "\newcommand{\SortNoop}[1]{} " }

------------------------------------------------------------------------
 
@ARTICLE{Article,
        AUTHOR =        {},
        TITLE =         {},
        JOURNAL =       {},
        Volume =        {},
        Number =        {},
        Pages =         {},
        Month =         {},
        YEAR =          {},
        Note =          {},
        summary =       {}
        }
@BOOK{Book,
        AUTHOR =        {},
        editor =        {},
        TITLE =         {},
        PUBLISHER =     {},
        YEAR =          {},
        Volume =        {},
        number =        {},
        Series =        {},
        Address =       {},
        Edition =       {},
        Month =         {},
        Note =          {},
        summary =       {}
        }
@BOOKLET{Booklet,
        TITLE =         {},
        Author =        {},
        Howpublished =  {},
        Address =       {},
        Month =         {},
        Year =          {},
        Note =          {},
        summary =       {}
        }
@INBOOK{Inbook,
        AUTHOR =        {},
        editor =        {},
        TITLE =         {},
        CHAPTER =       {},
        pages =         {},
        PUBLISHER =     {},
        YEAR =          {},
        Volume =        {},
        number =        {},
        Series =        {},
        Type =          {},
        Address =       {},
        Edition =       {},
        Month =         {},
        Note =          {},
        summary =       {}
        }
@INCOLLECTION{Incollection,
        AUTHOR =        {},
        TITLE =         {},
        BOOKTITLE =     {},
        PUBLISHER =     {},
        YEAR =          {},
        Editor =        {},
        Volume =        {},
        number =        {},
        Series =        {},
        Type =          {},
        Chapter =       {},
        Pages =         {},
        Address =       {},
        Edition =       {},
        Month =         {},
        Note =          {},
        summary =       {}
        }
@INPROCEEDINGS{Inproceedings,
        AUTHOR =        {},
        TITLE =         {},
        BOOKTITLE =     {},
        YEAR =          {},
        Editor =        {},
        Volume =        {},
        number =        {},
        Series =        {},
        Pages =         {},
        Address =       {},
        Month =         {},
        Organization =  {},
        Publisher =     {},
        Note =          {},
        summary =       {}
        }
@MANUAL{Manual,
        TITLE =         {},
        Author =        {},
        Organization =  {},
        Address =       {},
        Edition =       {},
        Month =         {},
        Year =          {},
        Note =          {},
        summary =       {}
        }
@MASTERSTHESIS{Mastersthesis,
        AUTHOR =        {},
        TITLE =         {},
        SCHOOL =        {},
        YEAR =          {},
        Type =          {},
        Address =       {},
        Month =         {},
        Note =          {},
        summary =       {}
        }
@MISC{Misc,
        Author =        {},
        Title =         {},
        Howpublished =  {},
        Month =         {},
        Year =          {},
        Note =          {},
        summary =       {}
        }
@PHDTHESIS{Phdthesis,
        AUTHOR =        {},
        TITLE =         {},
        SCHOOL =        {},
        YEAR =          {},
        Type =          {},
        Address =       {},
        Month =         {},
        Note =          {},
        summary =       {}
        }
@PROCEEDINGS{Proceedings,
        TITLE =         {},
        YEAR =          {},
        Editor =        {},
        Volume =        {},
        number =        {},
        Series =        {},
        Address =       {},
        Month =         {},
        Organization =  {},
        Publisher =     {},
        Note =          {},
        summary =       {}
        }
@TECHREPORT{Techreport,
        AUTHOR =        {},
        TITLE =         {},
        INSTITUTION =   {},
        YEAR =          {},
        Type =          {},
        Number =        {},
        Address =       {},
        Month =         {},
        Note =          {},
        summary =       {}
        }
@UNPUBLISHED{Unpublished,
        AUTHOR =        {},
        TITLE =         {},
        NOTE =          {},
        Month =         {},
        Year =          {},
        summary =       {}
        }

------------------------------------------------------------------------
@MISC{bvh-example,
    author = {{Technische Universität Braunschweig}},
    title = {Bounding volume hierarchy example},
    year = {2013},
    note = {[Online; accessed June 15, 2021]},
    url = {https://www.ibr.cs.tu-bs.de/projects/bvh/pics/bbox_model.png}
}

@MISC{muratori,
      title={Implementing GJK}, 
      author={Casey Muratori},
      year={2006},
      URL = {https://mollyrocket.com/849}
}

@INPROCEEDINGS{simdop,  author={Tan, Toni and Weller, René and Zachmann, Gabriel},  booktitle={2019 IEEE/RSJ International Conference on Intelligent Robots and Systems (IROS)},   title={SIMDop: SIMD optimized Bounding Volume Hierarchies for Collision Detection},   year={2019},  volume={},  number={},  pages={7256-7263},  doi={10.1109/IROS40897.2019.8968492}}

@MISC{gjk,
      title={A Gilbert-Johnson-Keerthi AlgorithmGeometric Interpretation of the Boolean Gilbert-Johnson-Keerthi Algorithm}, 
      author={Jeff Linahan},
      year={2015},
      eprint={1505.07873},
      archivePrefix={arXiv},
      primaryClass={cs.CG}
}

@ARTICLE{original_gjk,  author={Gilbert, E.G. and Johnson, D.W. and Keerthi, S.S.},  journal={IEEE Journal on Robotics and Automation},   title={A fast procedure for computing the distance between complex objects in three-dimensional space},   year={1988},  volume={4},  number={2},  pages={193-203},  doi={10.1109/56.2083}}

@INPROCEEDINGS{neural,
booktitle = {Workshop on Virtual Reality Interaction and Physical Simulation},
editor = {Jan Bender and Christian Duriez and Fabrice Jaillet and Gabriel Zachmann},
title = {{Massively Parallel Batch Neural Gas for Bounding Volume Hierarchy Construction}},
author = {Weller, René and Mainzer, David and Srinivas, Abhishek and Teschner, Matthias and Zachmann, Gabriel},
year = {2014},
publisher = {The Eurographics Association},
ISBN = {978-3-905674-71-2},
DOI = {10.2312/vriphys.20141219}
}

@article{bams/1183523140,
author = {Paul R. Halmos},
title = {{Review: Nelson Dunford and Jacob T. Schwartz, Linear operators. Part I: General theory}},
volume = {65},
journal = {Bulletin of the American Mathematical Society},
number = {3},
publisher = {American Mathematical Society},
pages = {154 -- 156},
year = {1959},
doi = {bams/1183523140},
URL = {https://doi.org/}
}

@article{hubbard,
author = {Hubbard, Philip M.},
title = {Approximating Polyhedra with Spheres for Time-Critical Collision Detection},
year = {1996},
issue_date = {July 1996},
publisher = {Association for Computing Machinery},
address = {New York, NY, USA},
volume = {15},
number = {3},
issn = {0730-0301},
url = {https://doi.org/10.1145/231731.231732},
doi = {10.1145/231731.231732},
journal = {ACM Trans. Graph.},
month = jul,
pages = {179–210},
numpages = {32},
keywords = {collision detection, interactive systems, approximation, time-critical computing, medial-axis surfaces, spheres}
}

@article{aabbtree,
author = {van den Bergen, Gino},
title = {Efficient Collision Detection of Complex Deformable Models Using AABB Trees},
year = {1998},
issue_date = {April 1997},
publisher = {A. K. Peters, Ltd.},
address = {USA},
volume = {2},
number = {4},
issn = {1086-7651},
url = {https://doi.org/10.1080/10867651.1997.10487480},
doi = {10.1080/10867651.1997.10487480},
abstract = {We present a scheme for exact collision detection between complex models undergoing rigid motion and deformation. The scheme relies on a hierarchical model representation using axis-aligned bounding boxes (AABBs). Recent work has shown that AABB trees are slower than oriented bounding box (OBB) trees for performing overlap tests. In this paper, we describe a way to speed up overlap tests between AABBs, such that for collision detection of rigid models, the difference in performance between the two representations is greatly reduced. Furthermore, we show how to update an AABB tree quickly as a model is deformed. We thus find AABB trees to be the method of choice for collision detection of complex models undergoing deformation. In fact, because they are not much slower to test, are faster to build, and use less storage than OBB trees, AABB trees might be a reasonable choice for rigid models as well.},
journal = {J. Graph. Tools},
month = jan,
pages = {1–13},
numpages = {13}
}

@ARTICLE{kDOPtree,
  author={Klosowski, J.T. and Held, M. and Mitchell, J.S.B. and Sowizral, H. and Zikan, K.},
  journal={IEEE Transactions on Visualization and Computer Graphics}, 
  title={Efficient collision detection using bounding volume hierarchies of k-DOPs}, 
  year={1998},
  volume={4},
  number={1},
  pages={21-36},
  doi={10.1109/2945.675649}}

@inproceedings{obbtree,
author = {Gottschalk, S. and Lin, M. C. and Manocha, D.},
title = {OBBTree: A Hierarchical Structure for Rapid Interference Detection},
year = {1996},
isbn = {0897917464},
publisher = {Association for Computing Machinery},
address = {New York, NY, USA},
url = {https://doi.org/10.1145/237170.237244},
doi = {10.1145/237170.237244},
booktitle = {Proceedings of the 23rd Annual Conference on Computer Graphics and Interactive Techniques},
pages = {171–180},
numpages = {10},
keywords = {collision detection, contacts, hierarchical data structure, virtual prototyping, shape approximation, physically-based modeling},
series = {SIGGRAPH '96}
}


@ARTICLE{convexhulltree,
author = {Ehmann, S. A. and Lin, M. C.},
title = {Accurate and fast proximity queries between polyhedra using convex surface decomposition},
year = {2001},
journal = {Computer Graphics Forum (Proc. of EUROGRAPHICS 2001)},
pages = {500-510},
numpages = {11},
volume = {20},
number = {3},
keywords = {collision detection, contacts, hierarchical data structure, virtual prototyping, shape approximation, physically-based modeling},
}

@article{moeller,
author = { Tomas   Möller },
title = {A Fast Triangle-Triangle Intersection Test},
journal = {Journal of Graphics Tools},
volume = {2},
number = {2},
pages = {25-30},
year  = {1997},
publisher = {Taylor & Francis},
doi = {10.1080/10867651.1997.10487472},

URL = { 
        https://doi.org/10.1080/10867651.1997.10487472
    
},
eprint = { 
        https://doi.org/10.1080/10867651.1997.10487472
    
}

}


@Manual{blender,
   title = {Blender - a 3D modelling and rendering package},
   author = {Blender Online Community},
   organization = {Blender Foundation},
   address = {Stichting Blender Foundation, Amsterdam},
   year = {2021},
   url = {http://www.blender.org},
 }


